@article{Cavalcanti-Garcia2009,
author = {Cavalcanti-Garcia, M.A. and Vierira, T.M.},
title = {{Surface electromyography: Why, when and how to use it}},
journal = {Revista Andaluza de Medicina del Deporte},
year = {2011},
volume = {4},
number = {1},
pages = {17--28},
url = {https://www.elsevier.es/es-revista-revista-andaluza-medicina-del-deporte-284-articulo-surface-electromyography-why-when-how-X1888754611201253}
}

@article{Lenzi2011,
author = {Lenzi, T. and {De Rossi}, S. M. M. and Vitiello, N. and Carrozza, M. C.},
title = {{Proportional EMG control for upper-limb powered exoskeletons}},
journal = {2011 Annual International Conference of the IEEE Engineering in Medicine and Biology Society},
year = {2011},
pages = {628--631},
url = {https://ieeexplore.ieee.org/document/6090139},
doi = {10.1109/IEMBS.2011.6090139}
}

@article{Lenzi2012,
author = {Lenzi, Tommaso and {De Rossi}, Stefano M. M. and Vitiello, Nicola and Carroza, Maria C.},
title = {{Intention-Based EMG Control for Powered Exoskeletons}},
journal = {IEEE Transactions on Biomedical Engineering},
year = {2012},
volume = {59},
number = {8},
pages = {2180--2190},
url = {https://ieeexplore.ieee.org/document/6198287},
doi = {10.1109/TBME.2012.2198821}
}

@article{Peckham2005,
author = {Peckham, P Hunter and Knutson, Jayme S},
doi = {10.1146/annurev.bioeng.6.040803.140103},
file = {:C$\backslash$:/Users/enriq/AppData/Local/Mendeley Ltd./Mendeley Desktop/Downloaded/Peckham, Knutson - 2005 - Functional Electrical Stimulation for Neuromuscular Applications.pdf:pdf},
keywords = {motor neuroprosthesis,spinal cord injury,stroke rehabilitation},
mendeley-groups = {Proyecto Terminal,Referencias PIB/FES},
number = {February 2005},
title = {{Functional Electrical Stimulation for Neuromuscular Applications}},
year = {2005}
}

@incollection{Popovic2015,
author = {Popovi{\'{c}}, D. B.},
booktitle = {Implantable Neuroprostheses for Restoring Function},
doi = {10.1016/B978-1-78242-101-6.00003-3},
file = {:C$\backslash$:/Users/enriq/AppData/Local/Mendeley Ltd./Mendeley Desktop/Downloaded/Popovi{\'{c}} - 2015 - Principles of command and control for neuroprostheses.pdf:pdf},
isbn = {9781782421092},
keywords = {Coordination,Functional electrical stimulation,Hybrid hierarchical control,Motor neuroprosthesis,Muscle model,Reference-based control,Skeletal model,State control,Synergy,User-neuroprosthesis interface},
mendeley-groups = {Proyecto Terminal,Referencias PIB/Control},
pages = {45--58},
title = {{Principles of command and control for neuroprostheses}},
url = {https://www.sciencedirect.com/science/article/pii/B9781782421016000033},
year = {2015}
}

@article{Salchow2016,
author = {Salchow, Christina and Valtin, Markus and Seel, Thomas and Schauer, Thomas},
file = {:C$\backslash$:/Users/enriq/AppData/Local/Mendeley Ltd./Mendeley Desktop/Downloaded/Salchow et al. - 2016 - Development of a Feedback-Controlled Hand Neuroprosthesis FES-Supported Mirror Training.pdf:pdf},
mendeley-groups = {Proyecto Terminal/Lazo cerrado},
title = {{Development of a Feedback-Controlled Hand Neuroprosthesis: FES-Supported Mirror Training}},
url = {http://automed2016.hs-wismar.de/wp-content/uploads/2017/02/Salchow{\_}etal{\_}Technische{\_}Universit{\"{a}}t{\_}Berlin.pdf},
year = {2016}
}

@article{Simonsen2017,
author = {Simonsen, Daniel and Spaich, Erika G. and Hansen, John and Andersen, Ole K.},
doi = {10.1109/TNSRE.2016.2622160},
file = {:C$\backslash$:/Users/enriq/AppData/Local/Mendeley Ltd./Mendeley Desktop/Downloaded/Simonsen et al. - 2017 - Design and Test of a Closed-Loop FES System for Supporting Function of the Hemiparetic Hand Based on Automatic.pdf:pdf},
issn = {1534-4320},
journal = {IEEE Transactions on Neural Systems and Rehabilitation Engineering},
mendeley-groups = {Proyecto Terminal/Lazo cerrado},
number = {8},
pages = {1249--1256},
title = {{Design and Test of a Closed-Loop FES System for Supporting Function of the Hemiparetic Hand Based on Automatic Detection Using the Microsoft Kinect Sensor}},
url = {http://ieeexplore.ieee.org/document/7707366/},
volume = {25},
year = {2017}
}

@phdthesis{Sun2014,
author = {Sun, Mingxu},
file = {:C$\backslash$:/Users/enriq/AppData/Local/Mendeley Ltd./Mendeley Desktop/Downloaded/Sun - 2014 - A FUNCTIONAL ELECTRICAL STIMULATION (FES) CONTROL SYSTEM FOR UPPER LIMB REHABILITATION.pdf:pdf},
mendeley-groups = {Proyecto Terminal/Lazo cerrado,Referencias PIB},
pages = {198},
school = {University of Salford},
title = {{A Functional Electrical Stimulation (FES) Control System For Upper Limb Rehabilitation}},
url = {http://usir.salford.ac.uk/id/eprint/32854/1/Final{\_}thesis{\_}Mingxu{\_}240914.pdf http://usir.salford.ac.uk/32854/1/Final{\_}thesis{\_}Mingxu{\_}240914.pdf},
year = {2014}
}

@article{Woods2018,
author = {Woods, Billy and Subramanian, Mahendran and Shafti, Ali and Faisal, A. Aldo},
doi = {10.1109/BIOROB.2018.8487941},
file = {:C$\backslash$:/Users/enriq/AppData/Local/Mendeley Ltd./Mendeley Desktop/Downloaded/Woods et al. - 2018 - Mechanomyograpby Based Closed-Loop Functional Electrical Stimulation Cycling System.pdf:pdf},
isbn = {9781538681831},
issn = {21551774},
journal = {2018 7th IEEE International Conference on Biomedical Robotics and Biomechatronics (Biorob)},
mendeley-groups = {Proyecto Terminal/Lazo cerrado,Referencias PIB/Control},
pages = {179--184},
title = {{Mechanomyography based closed-loop Functional Electrical Stimulation cycling system}},
url = {https://ieeexplore.ieee.org/document/8487941},
year = {2018}
}

@article{Wright2016,
author = {Wright, James and Macefield, Vaughan G. and van Schaik, Andr{\'{e}} and Tapson, Jonathan C.},
doi = {10.3389/fnins.2016.00312},
file = {:C$\backslash$:/Users/enriq/AppData/Local/Mendeley Ltd./Mendeley Desktop/Downloaded/Wright et al. - 2016 - A review of control strategies in closed-loop neuroprosthetic systems.pdf:pdf},
issn = {1662453X},
journal = {Frontiers in Neuroscience},
keywords = {Brain-machine interface,Closed-loop,Control theory,Feedback,Neuroprosthetics},
mendeley-groups = {Referencias PIB/Control},
pmid = {27462202},
title = {{A Review of Control Strategies in Closed-Loop Neuroprosthetic Systems}},
url = {https://www.frontiersin.org/article/10.3389/fnins.2016.00312  },
volume = {10},
year = {2016}
}

@incollection{Popovic2008,
author = {Popovic, Milos R. and Thrasher, Adam T.},
booktitle = {Encyclopedia of Biomaterials and Biomedical Engineering},
chapter = {Neuroprost},
doi = {10.1081/E-EBBE},
edition = {2},
editor = {Wnek, Gary. E and Bowlin, Gary L.},
file = {:C$\backslash$:/Users/enriq/AppData/Local/Mendeley Ltd./Mendeley Desktop/Downloaded/Popovic, Thrasher - 2008 - Neuroprostheses.pdf:pdf},
mendeley-groups = {Proyecto Terminal,Referencias PIB},
pages = {1056--1065},
title = {{Neuroprostheses}},
year = {2008}
}


@phdthesis{Raafat,
author = {Shalaby, R.},
file = {:C$\backslash$:/Users/enriq/AppData/Local/Mendeley Ltd./Mendeley Desktop/Downloaded/Raafat, Shalaby - Unknown - Development of an Electromyography Detection System for the Control of Functional Electrical Stimulation in.pdf:pdf},
mendeley-groups = {Proyecto Terminal/Lazo cerrado,Referencias PIB/Control},
number = {July},
title = {{Development of an Electromyography Detection System for the Control of Functional Electrical Stimulation in Neurological Rehabilitation}},
url = {http://www.control.tu-berlin.de/images/d/d7/Shalaby2011b.pdf},
year = {2011}
}